@misc{fmlwksp,
    title = "{Fast Machine Learning}",
    year = "2019",
    howPublished = "\url{https://indico.cern.ch/e/822126/}"
}

@misc{hls4ml,
    title = "hls4ml",
    howPublished = "\url{https://github.com/hls-fpga-machine-learning/hls4ml}"
}
    
@article{Friedland:2018vry,
      author         = "Friedland, Alexander and Li, Shirley Weishi",
      title          = "{Understanding the energy resolution of liquid argon
                        neutrino detectors}",
      journal        = "Phys. Rev.",
      volume         = "D99",
      year           = "2019",
      number         = "3",
      pages          = "036009",
      doi            = "10.1103/PhysRevD.99.036009",
      eprint         = "1811.06159",
      archivePrefix  = "arXiv",
      primaryClass   = "hep-ph",
      reportNumber   = "SLAC-PUB-17352",
      SLACcitation   = "%%CITATION = ARXIV:1811.06159;%%"
}

@Article{Arrington:1998ps,
     author    = "Arrington, J. and others",
     title     = "Inclusive electron nucleus scattering at large momentum
                  transfer",
     journal   = "Phys. Rev. Lett.",
     volume    = "82",
     year      = "1999",
     pages     = "2056-2059",
     SLACcitation  = "%%CITATION = NUCL-EX 9811008;%%"
}

@article{Ankowski:2016jdd,
      author         = "Ankowski, Artur M and Mariani, Camillo",
      title          = "{Systematic uncertainties in long-baseline
                        neutrino-oscillation experiments}",
      journal        = "J. Phys.",
      volume         = "G44",
      year           = "2017",
      number         = "5",
      pages          = "054001",
      doi            = "10.1088/1361-6471/aa61b2",
      eprint         = "1609.00258",
      archivePrefix  = "arXiv",
      primaryClass   = "hep-ph",
      SLACcitation   = "%%CITATION = ARXIV:1609.00258;%%"
}

@Article{Day:1993md,
     author    = "Day, D. B. and others",
     title     = "Inclusive electron nucleus scattering at high momentum
                  transfer",
     journal   = "Phys. Rev. C",
     volume    = "48",
     year      = "1993",
     pages     = "1849-1863",
     SLACcitation  = "%%CITATION = PHRVA,C48,1849;%%"
}

@article{Benhar:2014nca,
      author         = "Benhar, O. and others",
      title          = "{Measurement of the Spectral Function of $^{40}$Ar
                        through the $(e,e^\prime p)$ reaction}",
      year           = "2014",
      eprint         = "1406.4080",
      archivePrefix  = "arXiv",
      primaryClass   = "nucl-ex",
      reportNumber   = "JLAB-PR12-14-012, JLAB-PHY-14-1897",
      SLACcitation   = "%%CITATION = ARXIV:1406.4080;%%"
}


@article{Dai:2018gch,
      author         = "Dai, H. and others",
      title          = "{First Measurement of the Ar$(e,e^\prime)X$ Cross Section
                        at Jefferson Lab}",
      year           = "2018",
      eprint         = "1810.10575",
      archivePrefix  = "arXiv",
      primaryClass   = "nucl-ex",
      reportNumber   = "JLAB-PHY-18-2859",
      SLACcitation   = "%%CITATION = ARXIV:1810.10575;%%"
}

@article{Dai:2018xhi,
      author         = "Dai, H. and others",
      title          = "{First Measurement of the Ti$(e,e^\prime){\rm X}$ Cross
                        Section at Jefferson Lab}",
      collaboration  = "Jefferson Lab Hall A",
      journal        = "Phys. Rev.",
      volume         = "C98",
      year           = "2018",
      number         = "1",
      pages          = "014617",
      doi            = "10.1103/PhysRevC.98.014617",
      eprint         = "1803.01910",
      archivePrefix  = "arXiv",
      primaryClass   = "nucl-ex",
      reportNumber   = "SLAC-PUB-17200, JLAB-PHY-18-2656",
      SLACcitation   = "%%CITATION = ARXIV:1803.01910;%%"
}

@misc{e4nu17,
    title = "Electrons for Neutrinos: Addressing Critical Neutrino-Nucleus Issues.  A Proposal to Jefferson Lab PAC 45",
    author = "Hauenstein, F. and others",
    year = "2017",
    url = "https://www.jlab.org/exp_prog/proposals/17/PR12-17-006.pdf"
    }
    
@misc{e4nu18,
    title = "Electrons for Neutrinos: Addressing Critical Neutrino-Nucleus Issues.  A Run Group Proposal Resubmission to Jefferson Lab PAC 46",
    author = "Ashkenazy, A. and others",
    year = "2018",
    url = "https://www.jlab.org/exp_prog/proposals/18/C12-17-006.pdf"
}

@article{Eberly:2014mra,
      author         = "Eberly, B. and others",
      title          = "{Charged Pion Production in $\nu_\mu$ Interactions on
                        Hydrocarbon at $\langle E_{\nu}\rangle$= 4.0 GeV}",
      collaboration  = "MINERvA",
      journal        = "Phys. Rev.",
      volume         = "D92",
      year           = "2015",
      number         = "9",
      pages          = "092008",
      doi            = "10.1103/PhysRevD.92.092008",
      eprint         = "1406.6415",
      archivePrefix  = "arXiv",
      primaryClass   = "hep-ex",
      reportNumber   = "FERMILAB-PUB-14-193-E",
      SLACcitation   = "%%CITATION = ARXIV:1406.6415;%%"
}

@article{AFtoappear,
    author = "A. Ankowski and A. Friedland",
    year = "2019",
    note = "to appear"
}


@misc{FriedlandWS,
    author = "A. Friedland",
    year = "2019",
    title = "Generators and Electronuclear Data",
    url = "https://indico.slac.stanford.edu/event/102/contributions/98/attachments/172/268/Friedland_LDMX_March11_2019.pdf"
}

@misc{kendall,
    author = "K. Mahn",
    year = "2019",
    title = "Uses of electron scattering data in neutrino oscillation experiments",
    url = "https://indico.slac.stanford.edu/event/102/contributions/95/attachments/169/265/eAnuosc_kmahn_v1.pdf"
}

@misc{workshop,
    title = "Mini-Workshop: Electron-Nuclear Scattering Prospects at S30XL",
    date = "Mar 11, 2019",
    url = "https://indico.slac.stanford.edu/event/102/"

}

@article{Ankowski:2015kya,
      author         = "Ankowski, Artur M. and Coloma, Pilar and Huber, Patrick
                        and Mariani, Camillo and Vagnoni, Erica",
      title          = "{Missing energy and the measurement of the CP-violating
                        phase in neutrino oscillations}",
      journal        = "Phys. Rev.",
      volume         = "D92",
      year           = "2015",
      number         = "9",
      pages          = "091301",
      doi            = "10.1103/PhysRevD.92.091301",
      eprint         = "1507.08561",
      archivePrefix  = "arXiv",
      primaryClass   = "hep-ph",
      reportNumber   = "FERMILAB-PUB-15-320-T",
      SLACcitation   = "%%CITATION = ARXIV:1507.08561;%%"
}

@article{Acciarri:2015uup,
      author         = "Acciarri, R. and others",
      title          = "{Long-Baseline Neutrino Facility (LBNF) and Deep
                        Underground Neutrino Experiment (DUNE)}",
      collaboration  = "DUNE",
      year           = "2015",
      eprint         = "1512.06148",
      archivePrefix  = "arXiv",
      primaryClass   = "physics.ins-det",
      reportNumber   = "FERMILAB-DESIGN-2016-02",
      SLACcitation   = "%%CITATION = ARXIV:1512.06148;%%"
}

@article{Adamson:2016xxw,
      author         = "Adamson, P. and others",
      title          = "{First measurement of muon-neutrino disappearance in
                        NOvA}",
      collaboration  = "NOvA",
      journal        = "Phys. Rev.",
      volume         = "D93",
      year           = "2016",
      number         = "5",
      pages          = "051104",
      doi            = "10.1103/PhysRevD.93.051104",
      eprint         = "1601.05037",
      archivePrefix  = "arXiv",
      primaryClass   = "hep-ex",
      reportNumber   = "FERMILAB-PUB-16-007-ND",
      SLACcitation   = "%%CITATION = ARXIV:1601.05037;%%"
}

@article{Adamson:2017qqn,
      author         = "Adamson, P. and others",
      title          = "{Measurement of the neutrino mixing angle $\theta_{23}$
                        in NOvA}",
      collaboration  = "NOvA",
      journal        = "Phys. Rev. Lett.",
      volume         = "118",
      year           = "2017",
      number         = "15",
      pages          = "151802",
      doi            = "10.1103/PhysRevLett.118.151802",
      eprint         = "1701.05891",
      archivePrefix  = "arXiv",
      primaryClass   = "hep-ex",
      reportNumber   = "FERMILAB-PUB-17-019-ND",
      SLACcitation   = "%%CITATION = ARXIV:1701.05891;%%"
}

@article{NOvA:2018gge,
      author         = "Acero, M. A. and others",
      title          = "{New constraints on oscillation parameters from $\nu_e$
                        appearance and $\nu_\mu$ disappearance in the NOvA
                        experiment}",
      collaboration  = "NOvA",
      journal        = "Phys. Rev.",
      volume         = "D98",
      year           = "2018",
      pages          = "032012",
      doi            = "10.1103/PhysRevD.98.032012",
      eprint         = "1806.00096",
      archivePrefix  = "arXiv",
      primaryClass   = "hep-ex",
      reportNumber   = "FERMILAB-PUB-18-223-ND",
      SLACcitation   = "%%CITATION = ARXIV:1806.00096;%%"
}

@article{Mosel:2014lja,
      author         = "Mosel, U. and Lalakulich, O. and Gallmeister, K.",
      title          = "{Reaction mechanisms at MINERÎ½A}",
      journal        = "Phys. Rev.",
      volume         = "D89",
      year           = "2014",
      number         = "9",
      pages          = "093003",
      doi            = "10.1103/PhysRevD.89.093003",
      eprint         = "1402.0297",
      archivePrefix  = "arXiv",
      primaryClass   = "nucl-th",
      SLACcitation   = "%%CITATION = ARXIV:1402.0297;%%"
}
@article{Albertsson:2018maf,
      author         = "Albertsson, Kim and others",
      title          = "{Machine Learning in High Energy Physics Community White
                        Paper}",
      booktitle      = "{Proceedings, 18th International Workshop on Advanced
                        Computing and Analysis Techniques in Physics Research
                        (ACAT 2017): Seattle, WA, USA, August 21-25, 2017}",
      journal        = "J. Phys. Conf. Ser.",
      volume         = "1085",
      year           = "2018",
      number         = "2",
      pages          = "022008",
      doi            = "10.1088/1742-6596/1085/2/022008",
      eprint         = "1807.02876",
      archivePrefix  = "arXiv",
      primaryClass   = "physics.comp-ph",
      reportNumber   = "FERMILAB-PUB-18-318-CD-DI-PPD",
      SLACcitation   = "%%CITATION = ARXIV:1807.02876;%%"
}

